@book{adams1995hitchhiker,
  title={The Hitchhiker's Guide to the Galaxy},
  author={Adams, D.},
  isbn={9781417642595},
  url={http://books.google.com/books?id=W-xMPgAACAAJ},
  year={1995},
  publisher={San Val}
}

@book{anthoTropCho,
  author={SIEGMAN Anthony}, 
  publisher={Lasers, University Science Books, USA}, 
  year={1990}, 
  title={Optical beams and resonators},
  isbn={0935702113}
}

@book{herwigLaser,
  author={Kogelnik Herwig}, 
  publisher={Vol.5, pages 1550 et suivantes}, 
  year={1966 Octobre}, 
  title={Laser Beams and resonators, Applied Optics}
}

@book{laguerreDesEtoiles,
  author={Timothy Zahn}, 
  publisher={Bantam Spectra}, 
  year={1er mai 1991}, 
  title={Heir of the Empire},
  isbn={978-0553073270}
}
